@article{greenwade93,
    author  = "George D. Greenwade",
    title   = "The {C}omprehensive {T}ex {A}rchive {N}etwork ({CTAN})",
    year    = "1993",
    journal = "TUGBoat",
    volume  = "14",
    number  = "3",
    pages   = "342--351"
}

@article{scr2009,
  title={The 2009 simulated car racing championship},
  author={Loiacono, Daniele and Lanzi, Pier Luca and Togelius, Julian and Onieva, Enrique and Pelta, David A and Butz, Martin V and L{\"o}nneker, Thies D and Cardamone, Luigi and Perez, Diego and S{\'a}ez, Yago and others},
  journal={Computational Intelligence and AI in Games, IEEE Transactions on},
  volume={2},
  number={2},
  pages={131--147},
  year={2010},
  publisher={IEEE}
}

% This file was created with JabRef 2.7.2.
% Encoding: Cp1252

%DEPENDABILITY
@ARTICLE{Laprie2004,
  author = {Avizienis, A. and Laprie, J.-C. and Randell, B. and Landwehr, C.},
  title = {Basic concepts and taxonomy of dependable and secure computing},
  journal = {Dependable and Secure Computing, IEEE Transactions on},
  year = {2004},
  volume = {1},
  pages = {11-33},
  number = {1},
  doi = {10.1109/TDSC.2004.2},
  issn = {1545-5971},
  keywords = {data privacy;fault tolerant computing;security of data;software reliability;system
	recovery;dependable computing;fault forecasting;fault prevention;fault
	removal;fault tolerance;secure computing;system attacks;system availability;system
	failures;system integrity;system maintainability;system reliability;system
	safety;system security;system vulnerabilities;taxonomy;Availability;Books;Communication
	system security;Fault tolerance;Maintenance;Safety;Standardization;Taxonomy;Uncertainty;65;Index
	Terms- Dependability;attacks;errors;failures;fault forecasting.;fault
	removal;fault tolerance;faults;security;trust;vulnerabilities}
}
@BOOK{Leveson:1995,
  title = {Safeware - system safety and computers: a guide to preventing accidents
	and losses caused by technology.},
  publisher = {Addison-Wesley},
  year = {1995},
  author = {Leveson, Nancy G.},
  pages = {I-XVII, 1-680},
  added-at = {2011-04-28T00:00:00.000+0200},
  biburl = {http://www.bibsonomy.org/bibtex/2ac4ed5e32c1061b644e44ecada74c6c2/dblp},
  interhash = {f761d076798ca96ef1709f023ffe7202},
  intrahash = {ac4ed5e32c1061b644e44ecada74c6c2},
  isbn = {978-0-201-11972-5},
  keywords = {dblp},
  timestamp = {2011-04-28T00:00:00.000+0200}
}
%GORE + DEPENDABILITY
@inproceedings{Mendonca:2014,
 author = {Mendon\c{c}a, Danilo F. and Ali, Raian and Rodrigues, Gena\'{\i}na N.},
 title = {Modelling and Analysing Contextual Failures for Dependability Requirements},
 booktitle = {Proceedings of the 9th International Symposium on Software Engineering for Adaptive and Self-Managing Systems},
 series = {SEAMS 2014},
 year = {2014},
 isbn = {978-1-4503-2864-7},
 location = {Hyderabad, India},
 pages = {55--64},
 numpages = {10},
 url = {http://doi.acm.org/10.1145/2593929.2593947},
 doi = {10.1145/2593929.2593947},
 acmid = {2593947},
 publisher = {ACM},
 address = {New York, NY, USA},
 keywords = {Context, Dependability, Requirements engineering}
} 
%SPL + DEPENDABILITY + PMC
@INPROCEEDINGS{Nunes:2012, 
author={Nunes, V. and Fernandes, P. and Alves, V. and Rodrigues, G.}, 
booktitle={Software Components Architectures and Reuse (SBCARS), 2012 Sixth Brazilian Symposium on}, 
title={Variability Management of Reliability Models in Software Product Lines: An Expressiveness and Scalability Analysis}, 
year={2012}, 
month={Sept}, 
pages={51-60}, 
keywords={formal verification;software management;software reliability;SPL;critical systems;parametric arithmetic formula;parametric model-checking technique;reliability models;scalability analysis;software product lines;software reliability;variability management;Electrocardiography;Markov processes;Parametric statistics;Software;Software reliability;Dependability;Model Checking;Reliability;SPL}, 
doi={10.1109/SBCARS.2012.23},}
%GORE + SELF-ADAPTATION
@inproceedings{Morandini:2008,
 author = {Morandini, Mirko and Penserini, Loris and Perini, Anna},
 title = {Towards Goal-oriented Development of Self-adaptive Systems},
 booktitle = {Proceedings of the 2008 International Workshop on Software Engineering for Adaptive and Self-managing Systems},
 series = {SEAMS '08},
 year = {2008},
 isbn = {978-1-60558-037-1},
 location = {Leipzig, Germany},
 pages = {9--16},
 numpages = {8},
 url = {http://doi.acm.org/10.1145/1370018.1370021},
 doi = {10.1145/1370018.1370021},
 acmid = {1370021},
 publisher = {ACM},
 address = {New York, NY, USA},
 keywords = {BDI agents, adaptive systems, agent-oriented software engineering, software development process}
}
@incollection{Yu:2008,
year={2008},
isbn={978-3-540-68122-9},
booktitle={Foundations of Intelligent Systems},
volume={4994},
series={Lecture Notes in Computer Science},
editor={An, Aijun and Matwin, Stan and Raś, ZbigniewW. and Ślęzak, Dominik},
doi={10.1007/978-3-540-68123-6_1},
title={From Goals to High-Variability Software Design},
url={http://dx.doi.org/10.1007/978-3-540-68123-6_1},
publisher={Springer Berlin Heidelberg},
author={Yu, Yijun and Lapouchnian, Alexei and Liaskos, Sotirios and Mylopoulos, John and Leite, JulioC.S.P.},
pages={1-16},
language={English}
}
@incollection{Tang:2009,
year={2009},
isbn={978-3-642-01861-9},
booktitle={Enterprise, Business-Process and Information Systems Modeling},
volume={29},
series={Lecture Notes in Business Information Processing},
editor={Halpin, Terry and Krogstie, John and Nurcan, Selmin and Proper, Erik and Schmidt, Rainer and Soffer, Pnina and Ukor, Roland},
doi={10.1007/978-3-642-01862-6_26},
title={Goal-Directed Modeling of Self-adaptive Software Architecture},
url={http://dx.doi.org/10.1007/978-3-642-01862-6_26},
publisher={Springer Berlin Heidelberg},
keywords={Goal model; Component; Software Architecture; Self-adaptive},
author={Tang, Shan and Peng, Xin and Yu, Yijun and Zhao, Wenyun},
pages={313-325},
language={English}
}
@inproceedings{Cheng:2009,
 author = {Cheng, Betty H. and Sawyer, Pete and Bencomo, Nelly and Whittle, Jon},
 title = {A Goal-Based Modeling Approach to Develop Requirements of an Adaptive System with Environmental Uncertainty},
 booktitle = {Proceedings of the 12th International Conference on Model Driven Engineering Languages and Systems},
 series = {MODELS '09},
 year = {2009},
 isbn = {978-3-642-04424-3},
 location = {Denver, CO},
 pages = {468--483},
 numpages = {16},
 url = {http://dx.doi.org/10.1007/978-3-642-04425-0_36},
 doi = {10.1007/978-3-642-04425-0_36},
 acmid = {1691369},
 publisher = {Springer-Verlag},
 address = {Berlin, Heidelberg},
 keywords = {Requirements engineering, dynamically adaptive systems, goal models, uncertainty},
}
@INPROCEEDINGS{Whittle2009,
  author = {Whittle, Jon and Sawyer, Pete and Bencomo, Nelly and Cheng, Betty
	H.C. and Bruel, Jean-Michel},
  title = {{RELAX: Incorporating Uncertainty into the Specification of Self-Adaptive
	Systems}},
  booktitle = {2009 17th IEEE International Requirements Engineering Conference},
  year = {2009},
  pages = {79--88},
  month = aug,
  publisher = {IEEE},
  doi = {10.1109/RE.2009.36},
  file = {:home/seadev/Dropbox/Supervision-Danilo/BBB/05328591.pdf:pdf},
  isbn = {978-0-7695-3761-0},
  issn = {1090-705X},
  keywords = {Adaptive systems,Automotive engineering,Biomedical monitoring,Computer
	science,Condition monitoring,Humans,RELAX,RELAX requirement specification
	language,Requirements engineering,Runtime environment,Smart homes,USA
	Councils,formal specification,requirements,run-time behaviour modification,self-adaptation,self-adaptive
	system specification,specification languages,system monitoring,uncertainty},
  mendeley-groups = {BBB},
  mendeley-tags = {RELAX,Requirements engineering},
  shorttitle = {Requirements Engineering Conference, 2009. RE '09.},
  url = {http://ieeexplore.ieee.org/lpdocs/epic03/wrapper.htm?arnumber=5328591}
} 
@INPROCEEDINGS{Baresi:2010:1,
  author = {Baresi, Luciano and Pasquale, Liliana},
  title = {{Adaptive Goals for Self-Adaptive Service Compositions}},
  booktitle = {2010 IEEE International Conference on Web Services},
  year = {2010},
  pages = {353--360},
  month = jul,
  publisher = {IEEE},
  doi = {10.1109/ICWS.2010.60},
  isbn = {978-1-4244-8146-0},
  keywords = {Adaptation,Adaptation model,Adaptive systems,Baresi,Composition,Engines,GM,Goal
	Model,Goals,Marine vehicles,Monitoring,Runtime,Service Compositions,SoC,Washing
	machines,Web services,adaptive goal model,boundary infringement,continuous
	adaptation,formal specification,self-adaptive service compositions,supervision},
  mendeley-groups = {BBB},
  mendeley-tags = {Adaptation,Baresi,Composition,GM,Goal Model,SoC},
  shorttitle = {Web Services (ICWS), 2010 IEEE International Confe},
  url = {http://ieeexplore.ieee.org/lpdocs/epic03/wrapper.htm?arnumber=5552765}
}
@INPROCEEDINGS{Baresi:2010:2,
  author = {Baresi, Luciano and Pasquale, Liliana and Spoletini, Paola},
  title = {{Fuzzy Goals for Requirements-Driven Adaptation}},
  booktitle = {2010 18th IEEE International Requirements Engineering Conference},
  year = {2010},
  pages = {125--134},
  month = sep,
  publisher = {IEEE},
  doi = {10.1109/RE.2010.25},
  file = {:home/seadev/Dropbox/Supervision-Danilo/BBB/05636887.pdf:pdf},
  isbn = {978-1-4244-8022-7},
  issn = {1090-705X},
  keywords = {Adaptation model,Energy consumption,FLAGS,Fuzzy Goals,Fuzzy Requirements,Goals,Green
	products,KAOS,KAOS model,Powders,Runtime,Self-Adaptation,Semantics,Washing
	machines,crisp goal,formal specification,formal verification,fuzzy
	constraint,fuzzy goal,fuzzy set theory,mathematical programming,requirement
	driven adaptation,runtime entity,self-adjusting systems,selfadaptation,software
	system,systems analysis},
  mendeley-groups = {BBB},
  mendeley-tags = {Fuzzy Goals,Fuzzy Requirements},
  shorttitle = {Requirements Engineering Conference (RE), 2010 18t},
  url = {http://ieeexplore.ieee.org/lpdocs/epic03/wrapper.htm?arnumber=5636887}
}
@INPROCEEDINGS{Dalpiaz:2013,
author={Dalpiaz, F. and Borgida, A. and Horkoff, J. and Mylopoulos, J.}, 
booktitle={Research Challenges in Information Science (RCIS), 2013 IEEE Seventh International Conference on}, 
title={Runtime goal models: Keynote}, 
year={2013}, 
month={May}, 
pages={1-11}, 
keywords={formal specification;system monitoring;DGM;RGM;design-time goal model;runtime goal model;self-adaptive software system;syntactic structure;Erbium;Xenon;Goal reasoning;Requirements at runtime;Runtime goal models;Self-adaptive systems}, 
doi={10.1109/RCIS.2013.6577674}, 
ISSN={2151-1349}
}
%GORE REFERENCES
@ARTICLE{Dardenne1993,
  author = {Dardenne, Anne and van Lamsweerde, Axel and Fickas, Stephen},
  title = {{Goal-directed requirements acquisition}},
  journal = {Science of Computer Programming},
  year = {1993},
  volume = {20},
  pages = {3--50},
  number = {1},
  annote = {Paper de 93 \'{e} referenciado pelo artigo do Baresi como fonte de
	defini\c{c}\~{a}o do goal model KAOS.},
  file = {:home/seadev/Dropbox/Supervision-Danilo/BBB/1-s2.0-016764239390021G-main.pdf:pdf},
  keywords = {Goal model,KAOS,Requirements engineering,conceptual modeling,domain
	analysis,meta-level inference,nonfunctional requirements,specification
	acquisition,specification reuse},
  mendeley-groups = {BBB},
  mendeley-tags = {Goal model,KAOS},
  url = {http://www.sciencedirect.com/science/article/pii/016764239390021G}
}
@ARTICLE{Yu1996,
  author = {Yu, Eric Siu-Kwong},
  title = {Modelling strategic relationships for process reengineering},
  year = {1996},
  month = jan,
  keywords = {Goal model,agents,classical goal model,goal model reference,goals,i*},
  mendeley-groups = {BBB},
  mendeley-tags = {Goal model,classical goal model,goal model reference,i*},
  publisher = {University of Toronto},
  url = {http://dl.acm.org/citation.cfm?id=269793}
}
@ARTICLE{Bresciani:2004,
  author = {Bresciani, Paolo and Perini, Anna and Giorgini, Paolo and Giunchiglia,
	Fausto and Mylopoulos, John},
  title = {Tropos: An agent-oriented software development methodology},
  journal = {Autonomous Agents and Multi-Agent Systems},
  year = {2004},
  volume = {8},
  pages = {203--236},
  number = {3},
  publisher = {Springer}
}
@article{Yu:2013,
year={2013},
issn={0947-3602},
journal={Requirements Engineering},
volume={18},
number={3},
doi={10.1007/s00766-011-0143-y},
title={Comparison and evaluation of goal-oriented satisfaction analysis techniques},
url={http://dx.doi.org/10.1007/s00766-011-0143-y},
publisher={Springer London},
keywords={Goal-oriented requirements engineering; Requirements modeling; Model analysis},
author={Horkoff, Jennifer and Yu, Eric},
pages={199-222},
language={English}
}
%GORE + CONTEXTS
@ARTICLE{Ali:2010,
  author = {Ali, Raian and Dalpiaz, Fabiano and Giorgini, Paolo},
  title = {{A goal-based framework for contextual requirements modeling and
	analysis}},
  journal = {Requirements Engineering},
  year = {2010},
  volume = {15},
  pages = {439--458},
  number = {4},
  month = jul,
  doi = {10.1007/s00766-010-0110-z},
  issn = {0947-3602},
  keywords = {analysis,analysis \'{a},contextual requirements \'{a} context,goal
	modeling \'{a} requirements},
  mendeley-groups = {BBB},
  url = {http://link.springer.com/10.1007/s00766-010-0110-z}
}

@INPROCEEDINGS{Ali11requirementsevolution,
  author = {Raian Ali and Fabiano Dalpiaz and Paolo Giorgini and Vítor E. Silva
	Souza},
  title = {Requirements evolution: from assumptions to reality},
  booktitle = {In the 16th International Conference on Exploring Modeling Methods
	in Systems Analysis and Design (EMMSAD 11},
  year = {2011}
}

@INPROCEEDINGS{Ali2011,
  author = {Ali, Raian and Solis, Carlos and Salehie, Mazeiar and Omoronyia,
	Inah and Nuseibeh, Bashar and Maalej, Walid},
  title = {Social Sensing: When Users Become Monitors},
  booktitle = {Proceedings of the 19th ACM SIGSOFT Symposium and the 13th European
	Conference on Foundations of Software Engineering},
  year = {2011},
  series = {ESEC/FSE '11},
  pages = {476--479},
  acmid = {2025196},
  doi = {10.1145/2025113.2025196},
  isbn = {978-1-4503-0443-6},
  keywords = {adaptive software engineering, models at runtime, requirements engineering,
	social software engineering},
  location = {Szeged, Hungary},
  numpages = {4},
  url = {http://doi.acm.org/10.1145/2025113.2025196}
}
%CONTEXTS
@INPROCEEDINGS{Andrea01aframework,
    author = {Anthony Finkelstein Andrea and Andrea Savigni},
    title = {A Framework for Requirements Engineering for Context-Aware Services},
    booktitle = {In Proc. of 1 st International Workshop From Software Requirements to Architectures (STRAW 01},
    year = {2001},
    pages = {200--1}
}
%GORE DIAGNOSIS
@article{Wang:2009,
year={2009},
issn={0928-8910},
journal={Automated Software Engineering},
volume={16},
number={1},
doi={10.1007/s10515-008-0042-8},
title={Monitoring and diagnosing software requirements},
url={http://dx.doi.org/10.1007/s10515-008-0042-8},
publisher={Springer US},
keywords={Requirement monitoring; Diagnostics},
author={Wang, Yiqiao and McIlraith, SheilaA. and Yu, Yijun and Mylopoulos, John},
pages={3-35},
language={English}
}

%GORE REQUIREMENTS
@INPROCEEDINGS{Souza:2011,
  author = {{Silva Souza}, V\'{\i}tor E. and Lapouchnian, Alexei and Robinson,
	William N. and Mylopoulos, John},
  title = {{Awareness requirements for adaptive systems}},
  booktitle = {Proceeding of the 6th international symposium on Software engineering
	for adaptive and self-managing systems - SEAMS '11},
  year = {2011},
  pages = {60},
  doi = {10.1145/1988008.1988018},
  file = {:home/seadev/.local/share/data/Mendeley Ltd./Mendeley Desktop/Downloaded/Silva Souza et al. - 2011 - Awareness requirements for adaptive systems.pdf:pdf},
  isbn = {9781450305754},
  keywords = {adaptive systems,awareness,modeling,monitoring,requirements engineering},
  mendeley-groups = {BBB},
  url = {http://dl.acm.org/citation.cfm?id=1988008.1988018}
}

%REQUIREMENTS + FUZZY LOGIC
@ARTICLE{Liu1998,
  author = {Liu, X.F.},
  title = {{Fuzzy requirements}},
  journal = {IEEE Potentials},
  year = {1998},
  volume = {17},
  pages = {24--26},
  number = {2},
  doi = {10.1109/45.666642},
  file = {:home/seadev/Dropbox/Supervision-Danilo/BBB/00666642.pdf:pdf},
  issn = {02786648},
  keywords = {Costs,Customer satisfaction,Decision making,Elasticity,Fuzzy Requirements,Fuzzy
	logic,Fuzzy sets,Fuzzy systems,Fuzzyness,Programming,Requirements
	Engineer,Requirements Specification,Software systems,cost,customer
	needs,formal specification,functional requirements,fuzzy requirements,fuzzy
	set theory,quality requirements,requirement analysis,requirements
	specification,software design,software development,systems analysis},
  mendeley-groups = {BBB},
  mendeley-tags = {Fuzzy Requirements,Fuzzyness,Requirements Engineer,Requirements Specification},
  shorttitle = {Potentials, IEEE},
  url = {http://ieeexplore.ieee.org/lpdocs/epic03/wrapper.htm?arnumber=666642}
}

%BODY AREA NETWORK
@ARTICLE{Lorincz2004,
  author = {Lorincz, K. and Malan, D.J. and Fulford-Jones, T.R.F. and Nawoj,
	A. and Clavel, A. and Shnayder, V. and Mainland, G. and Welsh, M.
	and Moulton, S.},
  title = {{Sensor Networks for Emergency Response: Challenges and Opportunities}},
  journal = {IEEE Pervasive Computing},
  year = {2004},
  volume = {3},
  pages = {16--23},
  number = {4},
  month = oct,
  doi = {10.1109/MPRV.2004.18},
  file = {:home/seadev/Dropbox/Supervision-Danilo/BBB/CodeBlue\_IEEE-PVC.pdf:pdf},
  issn = {1536-1268},
  keywords = {Application software,Biomedical monitoring,Buildings,CodeBlue,CodeBlue
	design,Communication system security,Data security,Emergency Response,MoteTrack,MoteTrack
	robust radio frequency-based localizatio,PDA-based triage application,Protocols,Robust
	Location Tracking,Robustness,Sensors Network,Vital Sign Sensors,Wearable
	sensors,Wireless Sensor Networks,Wireless communication,ad hoc network
	formation,ad hoc networks,biomedical communication,critical care
	environments,disaster response setting,disasters,emergency services,health
	care,in-network aggregation,medical care sensor networks,medical
	computing,patient tracking,resource discovery,resource naming,security
	of data,sensor networks,sensor nodes,sensor-produced data,wireless
	devices,wireless vital sign monitors},
  mendeley-groups = {BBB},
  mendeley-tags = {Emergency Response,Sensors Network},
  shorttitle = {Pervasive Computing, IEEE},
  url = {http://ieeexplore.ieee.org/lpdocs/epic03/wrapper.htm?arnumber=1369157}
}

@ARTICLE{Howe2006,
  author = {Howe, Jeff},
  title = {The rise of crowdsourcing},
  journal = {Wired magazine},
  year = {2006},
  volume = {14},
  pages = {1--4},
  number = {6},
  publisher = {Dorsey Press}
}

@MISC{MathWorks:FuzzyLogic,
  author = {MathWorks},
  title = {{Fuzzy Inference Process}},
  howpublished = {\url{http://www.mathworks.com/help/fuzzy/fuzzy-inference-process.html}},
  year = {2014},
  note = {[Online; accessed 09-January-2014]}
}
%SELF-ADAPTATION + DEPENDABILITY
@inproceedings{Cooray:2010,
 author = {Cooray, Deshan and Malek, Sam and Roshandel, Roshanak and Kilgore, David},
 title = {RESISTing Reliability Degradation Through Proactive Reconfiguration},
 booktitle = {Proceedings of the IEEE/ACM International Conference on Automated Software Engineering},
 series = {ASE '10},
 year = {2010},
 isbn = {978-1-4503-0116-9},
 location = {Antwerp, Belgium},
 pages = {83--92},
 numpages = {10},
 url = {http://doi.acm.org/10.1145/1858996.1859011},
 doi = {10.1145/1858996.1859011},
 acmid = {1859011},
 publisher = {ACM},
 address = {New York, NY, USA},
 keywords = {mobility, reliability, self-adaptation, software architecture}
} 
%SELF-ADAPTATION
@article{Hallsteinsen:2012,
 author = {Hallsteinsen, S. and Geihs, K. and Paspallis, N. and Eliassen, F. and Horn, G. and Lorenzo, J. and Mamelli, A. and Papadopoulos, G. A.},
 title = {A Development Framework and Methodology for Self-adapting Applications in Ubiquitous Computing Environments},
 journal = {J. Syst. Softw.},
 issue_date = {December, 2012},
 volume = {85},
 number = {12},
 month = dec,
 year = {2012},
 issn = {0164-1212},
 pages = {2840--2859},
 numpages = {20},
 url = {http://dx.doi.org/10.1016/j.jss.2012.07.052},
 doi = {10.1016/j.jss.2012.07.052},
 acmid = {2381595},
 publisher = {Elsevier Science Inc.},
 address = {New York, NY, USA},
 keywords = {Adaptive software, Middleware, Mobile computing, Model-driven development, Ubiquitous computing}
} 
%PRISM
@misc{PRISM:pubs,
  author = {Oxford University Computing Laboratory},
  title = {{PRISM case studies}},
  howpublished = "\url{http://www.prismmodelchecker.org/casestudies/}",
  year = {2015},
  note = "[Online; accessed 25-january-2015]"
}
%MPERS
@misc{MPERS:GoSafe,
  author = {PHILIPS® LIFETIME},
  title = {{GoSafe MPERS}},
  howpublished = "\url{http://www.lifelinesys.com/content/lifeline-products/get-life-gosafe/}",
  year = {2015},
  note = "[Online; accessed 25-january-2015]"
}
%PROBABILISTIC MODEL CHECKING
@book{Baier:2008,
 author = {Baier, Christel and Katoen, Joost-Pieter},
 title = {Principles of Model Checking (Representation and Mind Series)},
 year = {2008},
 isbn = {026202649X, 9780262026499},
 publisher = {The MIT Press},
}
@ARTICLE{Musa:1993, 
author={Musa, J.D.}, 
journal={Software, IEEE}, 
title={Operational profiles in software-reliability engineering}, 
year={1993}, 
month={March}, 
volume={10}, 
number={2}, 
pages={14-32}, 
keywords={program testing;software reliability;guiding software development;operational profile;productivity;quantitative characterization;regression testing;schedule constraints;software-reliability engineering;speed development;Automatic testing;Capacitive sensors;Costs;Customer satisfaction;Marketing and sales;Operating systems;Productivity;Reliability engineering;Resource management;Switching systems}, 
doi={10.1109/52.199724}, 
ISSN={0740-7459}
}